@article{1,
    author  = "Sumaiya Dabeer and Maha Mohammed Khan and Saiful Islam",
    title   = "Cancer diagnosis in histopathological image: {CNN} based approach",
    year    = "2019",
    journal = "Informatics in Medicine Unlocked",
    volume  = "16",
    pages   = "100474"
}

@article{2,
    author  = "F.A. Spanhol and L.S. Oliveira and C. Petitjean and L. Heutte",
    title   = "A dataset for breast cancer histopathological image classification",
    year    = "2016",
    journal = "IEEE Trans Biomed Eng",
    volume  = "63",
    pages   = "1455-1462"
}

@book{3,
  title     = "Onkologia",
  author    = "Rafał Stec and Marta Smoter and Andrzej Deptała",
  year      = 2021,
  publisher = "AsteriaMed",
}

@article{4,
    author  = "Rebecca L. Siegel and Kimberly D. Miller and Hannah E. Fuchs and Ahmedin Jemal",
    title   = "Cancer statistics, 2022",
    year    = "2022",
    journal = "A Cancer Journal for Clinicians",
    volume  = "72",
    pages   = "7-33"
}

@article{5,
    author  = "Z. He and Z. Chan and M. Tan and S. Elingarami and Y. Liu and T. Li and Y. Deng and N. He and S. Li and J. Fu and W. Li",
    title   = "A review on methods for diagnosis of breast cancer cells and tissues",
    year    = "2020",
    journal = "Cell proliferation",
    volume  = "53",
    pages   = "7"
}

@article{6,
    author  = "Laith Alzubaidi and Jinglan Zhang and Amjad J. Humaidi and Ayad Al-Dujaili and Ye Duan and Omran Al-Shamma and J. Santamaría and Mohammed A. Fadhel and Muthana Al-Amidie and Laith Farhan",
    title   = "Review of deep learning: concepts, CNN architectures, challenges, applications, future directions",
    year    = "2021",
    journal = "J Big Data",
    volume  = "8",
    pages   = "53"
}

@article{7,
    author  = "Keiron O’Shea and Ryan Nash",
    title   = "An Introduction to Convolutional Neural Networks",
    year    = "2015"
}

@article{8,
    author  = "Rikiya Yamashita and Mizuho Nishio and Richard Kinh Gian Do and Kaori Togashi",
    title   = "Convolutional neural networks: an overview and application in radiology",
    year    = "2018",
    journal = "Insights into Imaging ",
    volume  = "9",
    pages   = "611-629"
}